@inproceedings{Pradhan:2005,
 author = {Pradhan, Sameer and Hacioglu, Kadri and Ward, Wayne and Martin, James H. and Jurafsky, Daniel},
 title = {Semantic Role Chunking Combining Complementary Syntactic Views},
 booktitle = {Proceedings of the Ninth Conference on Computational Natural Language Learning},
 series = {CONLL '05},
 year = {2005},
 location = {Ann Arbor, Michigan},
 pages = {217--220},
 numpages = {4},
 url = {http://dl.acm.org/citation.cfm?id=1706543.1706585},
 acmid = {1706585},
 publisher = {Association for Computational Linguistics},
 address = {Stroudsburg, PA, USA},
} 

@inproceedings{Koomen:2005,
 author = {Koomen, Peter and Punyakanok, Vasin and Roth, Dan and Yih, Wen-tau},
 title = {Generalized Inference with Multiple Semantic Role Labeling Systems},
 booktitle = {Proceedings of the Ninth Conference on Computational Natural Language Learning},
 series = {CONLL '05},
 year = {2005},
 location = {Ann Arbor, Michigan},
 pages = {181--184},
 numpages = {4},
 url = {http://dl.acm.org/citation.cfm?id=1706543.1706576},
 acmid = {1706576},
 publisher = {Association for Computational Linguistics},
 address = {Stroudsburg, PA, USA},
} 

@inproceedings{end-to-end,
  title={End-to-end learning of semantic role labeling using recurrent neural networks},
  author={Zhou, Jie and Xu, Wei},
  booktitle={Proceedings of the Annual Meeting of the Association for Computational Linguistics},
  year={2015}
}

@article{xavier:2013:RT,
    author = {Hinaut, Xavier AND Dominey, Peter Ford},
    journal = {PLoS ONE},
    publisher = {Public Library of Science},
    title = {Real-Time Parallel Processing of Grammatical Structure in the Fronto-Striatal System: A Recurrent Network Simulation Study Using Reservoir Computing},
    year = {2013},
    month = {02},
    volume = {8},
    url = {http://dx.doi.org/10.1371%2Fjournal.pone.0052946},
    pages = {1-18},
    number = {2},
    doi = {10.1371/journal.pone.0052946}
}

